@article{nature,
    author = "Steven G. Deeks and Julie Overbaugh and Andrew Phillips and
              Susan Buchbinder",
    title = "HIV infection",
    journal = "Nature Reviews Disease Primers",
    volume = "1",
    % number = "15035",
    pages = "1--22",
    year = "2015",
}
